@article{fodor-1988,
	author = {A. Fodor, Jerry and W. Pylyshyn, Zenon},
	journal = {Cognition},
	number = {1-2},
	title = {{Connectionism and Cognitive Architecture: A Critical Analysis}},
	volume = {28},
	year = {1988},
	doi = {10.1016/0010-0277(88)90031-5},
	url = {https://www.sciencedirect.com/science/article/pii/0010027788900315},
}
@article{lake-2023,
	author = {Lake, Brenden M. and Baroni, Marco},
	journal = {Nature},
	month = {10},
	number = {7985},
	pages = {115--121},
	title = {{Human-like Systematic Generalization Through a Meta-learning Neural Network}},
	volume = {623},
	year = {2023},
	doi = {10.1038/s41586-023-06668-3},
	url = {https://www.nature.com/articles/s41586-023-06668-3},
}
@article{flesch-2023,
	author = {Flesch, Timo and Nagy, David G. and Saxe, Andrew and Summerfield, Christopher},
	journal = {PLoS Computational Biology},
	month = {1},
	number = {1},
	pages = {e1010808},
	title = {{Modelling Continual Learning in Humans With Hebbian Context Gating and Exponentially Decaying Task Signals}},
	volume = {19},
	year = {2023},
	doi = {10.1371/journal.pcbi.1010808},
	url = {https://doi.org/10.1371/journal.pcbi.1010808},
}
@article{faramarzi-2019,
	author = {Faramarzi, Farnaz and Azad, Fatemeh and Amiri, Mahmood and Linares-Barranco, Bernab√©},
	journal = {Frontiers in Neuroscience},
	month = {10},
	title = {{A Neuromorphic Digital Circuit for Neuronal Information Encoding Using Astrocytic Calcium Oscillations}},
	volume = {13},
	year = {2019},
	doi = {10.3389/fnins.2019.00998},
	url = {https://pmc.ncbi.nlm.nih.gov/articles/PMC6794439/},
}
@article{vaswani-2017,
	author = {Vaswani, Ashish and Shazeer, Noam and Parmar, Niki and Uszkoreit, Jakob and Jones, Llion and Gomez, Aidan N. and Kaiser, Lukasz and Polosukhin, Illia},
	journal = {Google Brain Research},
	month = {6},
	pages = {5998--6008},
	title = {{Attention Is All You Need}},
	volume = {30},
	year = {2017},
	url = {https://papers.nips.cc/paper_files/paper/2017/file/3f5ee243547dee91fbd053c1c4a845aa-Paper.pdf},
}
@book{marcus-2001,
	author = {Marcus, Gary F.},
	month = {1},
	title = {{The Algebraic Mind: Integrating Connectionism and Cognitive Science}},
	year = {2001},
	url = {https://ci.nii.ac.jp/ncid/BA70090395},
}
@article{lake-2018,
	author = {Lake, Brenden M. and Baroni, Marco},
	journal = {International Conference on Machine Learning},
	month = {7},
	pages = {4487--4499},
	title = {{Generalization Without Systematicity: On the Compositional Skills of Sequence-to-sequence Recurrent Networks}},
	year = {2018},
	url = {http://proceedings.mlr.press/v80/lake18a/lake18a.pdf},
}
@article{hospedales-2021,
	author = {Hospedales, Timothy M and Antoniou, Antreas and Micaelli, Paul and Storkey, Amos J.},
	journal = {IEEE Transactions on Pattern Analysis and Machine Intelligence},
	month = {1},
	pages = {1},
	title = {{Meta-Learning in Neural Networks: A Survey}},
	year = {2021},
	doi = {10.1109/tpami.2021.3079209},
	url = {https://pubmed.ncbi.nlm.nih.gov/33974543/},
}
@article{french-1999,
	author = {French, R},
	journal = {Trends in Cognitive Sciences},
	month = {4},
	number = {4},
	pages = {128--135},
	title = {{Catastrophic forgetting in connectionist networks}},
	volume = {3},
	year = {1999},
	doi = {10.1016/s1364-6613(99)01294-2},
	url = {https://pubmed.ncbi.nlm.nih.gov/10322466/},
}
@article{kirkpatrick-2017,
	author = {Kirkpatrick, James and Pascanu, Razvan and Rabinowitz, Neil and Veness, Joel and Desjardins, Guillaume and Rusu, Andrei A. and Milan, Kieran and Quan, John and Ramalho, Tiago and Grabska-Barwinska, Agnieszka and Hassabis, Demis and Clopath, Claudia and Kumaran, Dharshan and Hadsell, Raia},
	journal = {Proceedings of the National Academy of Sciences},
	month = {3},
	number = {13},
	pages = {3521--3526},
	title = {{Overcoming catastrophic forgetting in neural networks}},
	volume = {114},
	year = {2017},
	doi = {10.1073/pnas.1611835114},
	url = {https://pubmed.ncbi.nlm.nih.gov/28292907/},
}
@article{monsell-2003,
	author = {Monsell, Stephen},
	journal = {Trends in Cognitive Sciences},
	month = {3},
	number = {3},
	pages = {134--140},
	title = {{Task switching}},
	volume = {7},
	year = {2003},
	doi = {10.1016/s1364-6613(03)00028-7},
	url = {https://pubmed.ncbi.nlm.nih.gov/12639695/},
}
@article{miller-2001,
	author = {Miller, Earl K. and Cohen, Jonathan D.},
	journal = {Annual Review of Neuroscience},
	month = {3},
	number = {1},
	pages = {167--202},
	title = {{An Integrative Theory of Prefrontal Cortex Function}},
	volume = {24},
	year = {2001},
	doi = {10.1146/annurev.neuro.24.1.167},
	url = {https://pubmed.ncbi.nlm.nih.gov/11283309/},
}
@article{rougier-2005,
	author = {Rougier, Nicolas P. and Noelle, David C. and Braver, Todd S. and Cohen, Jonathan D. and O'Reilly, Randall C.},
	journal = {Proceedings of the National Academy of Sciences},
	month = {5},
	number = {20},
	pages = {7338--7343},
	title = {{Prefrontal cortex and flexible cognitive control: Rules without symbols}},
	volume = {102},
	year = {2005},
	doi = {10.1073/pnas.0502455102},
	url = {https://pubmed.ncbi.nlm.nih.gov/15883365/},
}
@article{dohare-2024,
	author = {Dohare, Shibhansh and Hernandez-Garcia, J. Fernando and Lan, Qingfeng and Rahman, Parash and Mahmood, A. Rupam and Sutton, Richard S.},
	journal = {Nature},
	month = {8},
	number = {8026},
	pages = {768--774},
	title = {{Loss of plasticity in deep continual learning}},
	volume = {632},
	year = {2024},
	doi = {10.1038/s41586-024-07711-7},
	url = {https://www.nature.com/articles/s41586-024-07711-7},
}
@article{lu-2020,
	author = {Lu, Lu and Shin, Yeonjong Shin Yeonjong and Su, Yanhui Su Yanhui and Karniadakis, George Em Karniadakis George Em},
	journal = {Communications in Computational Physics},
	month = {1},
	number = {5},
	pages = {1671--1706},
	title = {{Dying ReLU and Initialization: Theory and Numerical Examples}},
	volume = {28},
	year = {2020},
	doi = {10.4208/cicp.oa-2020-0165},
	url = {https://global-sci.com/article/79737/dying-relu-and-initialization-theory-and-numerical-examples}
}
